<?xml version="1.0" encoding="UTF-8"?>
<record xmlns="http://www.loc.gov/MARC21/slim">
   <leader>01393cam a2200337Ia 4500</leader>
   <controlfield tag="001">4096884</controlfield>
   <controlfield tag="003">NjP</controlfield>
   <controlfield tag="005">20180406192512.0</controlfield>
   <controlfield tag="008">000310s1964    iq            000 0 ararc</controlfield>
   <datafield tag="024" ind1="7" ind2=" ">
      <subfield code="a">princeton_aco003327</subfield>
      <subfield code="2">local</subfield>
   </datafield>
   <datafield ind1=" " ind2=" " tag="010">
      <subfield code="a">ne 67000852 </subfield>
   </datafield>
   <datafield ind1=" " ind2=" " tag="035">
      <subfield code="a">(OCoLC)ocn179592773</subfield>
   </datafield>
   <datafield ind1=" " ind2=" " tag="035">
      <subfield code="a">(OCoLC)ocm43607183</subfield>
   </datafield>
   <datafield ind1=" " ind2=" " tag="040">
      <subfield code="a">Princeton Univ. Libr.</subfield>
      <subfield code="c">PUL</subfield>
      <subfield code="d">PUL</subfield>
   </datafield>
   <datafield ind1=" " ind2=" " tag="035">
      <subfield code="a">(OCoLC)179592773</subfield>
   </datafield>
   <datafield ind1=" " ind2=" " tag="035">
      <subfield code="a">(NjP)4096884</subfield>
   </datafield>
   <datafield ind1=" " ind2=" " tag="079">
      <subfield code="a">ocm43607183</subfield>
   </datafield>
   <datafield ind1=" " ind2=" " tag="090">
      <subfield code="a">HX550.I8</subfield>
      <subfield code="b">S34</subfield>
   </datafield>
   <datafield ind1=" " ind2=" " tag="049">
      <subfield code="a">PULL</subfield>
   </datafield>
   <datafield ind1="1" ind2=" " tag="100">
      <subfield code="6">880-01</subfield>
      <subfield code="a">Ṣadr, Muḥammad Bāqir.</subfield>
   </datafield>
   <datafield ind1="1" ind2="0" tag="245">
      <subfield code="6">880-02</subfield>
      <subfield code="a">Mādhā taʻrifu ʻan al-iqtiṣād al-Islāmī /</subfield>
      <subfield code="c">Muḥammad Bāqir al-Ṣadr.</subfield>
   </datafield>
   <datafield ind1=" " ind2=" " tag="260">
      <subfield code="6">880-03</subfield>
      <subfield code="a">al-Najaf :</subfield>
      <subfield code="b">Maṭbaʻat al-Nuʻmān,</subfield>
      <subfield code="c">1384 [1964 or 1965]</subfield>
   </datafield>
   <datafield ind1=" " ind2=" " tag="300">
      <subfield code="a">65 p. ;</subfield>
      <subfield code="c">22 cm.</subfield>
   </datafield>
   <datafield ind1="1" ind2=" " tag="490">
      <subfield code="6">880-04</subfield>
      <subfield code="a">al-Madrasah al-Islāmiyah ;</subfield>
      <subfield code="v">2</subfield>
   </datafield>
   <datafield ind1=" " ind2="0" tag="650">
      <subfield code="a">Islam</subfield>
      <subfield code="x">Economic aspects</subfield>
      <subfield code="0">http://id.loc.gov/authorities/subjects/sh96003700</subfield>
   </datafield>
   <datafield ind1="1" ind2=" " tag="800">
      <subfield code="6">880-05</subfield>
      <subfield code="a">Ṣdar, Muḥammad Bāqir.</subfield>
      <subfield code="t">Madrasah al-Islāmiyah ;</subfield>
      <subfield code="v">2.</subfield>
   </datafield>
   <datafield ind1="1" ind2=" " tag="880">
      <subfield code="6">100-01/r</subfield>
      <subfield code="a">صدر، محمد باقر.</subfield>
   </datafield>
   <datafield ind1="1" ind2="0" tag="880">
      <subfield code="6">245-02/r</subfield>
      <subfield code="a">ماذا تعرف عن الاقتصاد الاسلامي /</subfield>
      <subfield code="c">محمد باقر الصدر.</subfield>
   </datafield>
   <datafield ind1=" " ind2=" " tag="880">
      <subfield code="6">260-03/r</subfield>
      <subfield code="a">النجف :</subfield>
      <subfield code="b">مطبعة النعمان،</subfield>
      <subfield code="c">1384 [1964 or 1965]</subfield>
   </datafield>
   <datafield ind1="1" ind2=" " tag="880">
      <subfield code="6">490-04/r</subfield>
      <subfield code="a">المدرسة الاسلامية ؛</subfield>
      <subfield code="v">2</subfield>
   </datafield>
   <datafield ind1="1" ind2=" " tag="880">
      <subfield code="6">800-05/r</subfield>
      <subfield code="a">صدر، محمد باقر.</subfield>
      <subfield code="t">المدرسة الاسلامية ؛</subfield>
      <subfield code="v">2.</subfield>
   </datafield>
   <datafield ind1=" " ind2=" " tag="994">
      <subfield code="a">C0</subfield>
      <subfield code="b">PUL</subfield>
   </datafield>
   <datafield ind1=" " ind2=" " tag="999">
      <subfield code="a">4096884</subfield>
   </datafield>
   <datafield ind1="0" ind2=" " tag="852">
      <subfield code="0">4377036</subfield>
      <subfield code="b">rcppa</subfield>
      <subfield code="h">BP173.75</subfield>
      <subfield code="i">.S237 1964</subfield>
      <subfield code="x">tr fr nec</subfield>
   </datafield>
   <datafield ind1=" " ind2=" " tag="959">
      <subfield code="a">2009-07-01 15:01:27 -0400</subfield>
   </datafield>
</record>
